@article{dirreps,
    author = "Melissa Soto",
    title = "The Irreducible Representations of D2n"",
    journal = "California State University, San BernardinoCalifornia State U",
    pages = "40--52",
    year = "2014",
    url = "https://scholarworks.lib.csusb.edu/cgi/viewcontent.cgi?article=1005&context=etd"
}
